% This file was created with JabRef 2.4.2.
% Encoding: UTF8

@article{MLP_MOX,
  title={A neural network approach for burn-up calculation and its application to the dynamic fuel cycle code CLASS},
  author={Leniau, Baptiste and Mouginot, Baptiste and Thiolliere, Nicolas and Doligez, Xavier and Bidaud, Adrien and Courtin, Fanny and Ernoult, Marc and David, Sylvain},
  journal={Annals of Nuclear Energy},
  volume={81},
  pages={125--133},
  year={2015},
  publisher={Elsevier}
}

@inproceedings{PhysorBAM,
  title={Core library for advanced scenario simulation, CLASS: principle \& application},
  author={Mouginot, B and Leniau, B and Thiolliere, N and Ernoult, M and David, S and Doligez, X and Bidaud, A and Meplan, O and Montesanto, R and Bellot, G and others},
  booktitle={International Conference "The Role of Reactor Physics toward a Sustainable Future"(PHYSOR 2014)},
  pages={12--p},
  year={2014}
}
@article{AnnalBAM,
title = "\{MOX\} fuel enrichment prediction in \{PWR\} using polynomial models ",
journal = "Annals of Nuclear Energy ",
volume = "85",
number = "",
pages = "812 - 819",
year = "2015",
note = "",
issn = "0306-4549",
doi = "http://dx.doi.org/10.1016/j.anucene.2015.06.038",
url = "http://www.sciencedirect.com/science/article/pii/S0306454915003527",
author = "B. Mouginot and B. Leniau and N. Thiolliere and A. Bidaud and F. Courtin and X. Doligez and M. Ernoult",
keywords = "\{PWR\} MOX",
keywords = "Nuclear fuel fabrication",
keywords = "Model",
keywords = "Fuel cycle "
}
@Article{TMVA,
author  = "Hoecker, Andreas and Speckmayer, Peter and Stelzer, Joerg and Therhaag, Jan and von Toerne, Eckhard and Voss, Helge",
title    =  "{TMVA: Toolkit for Multivariate Data Analysis}",
journal    =  "PoS",
volume   =  "ACAT",
year   =  "2007",
pages    =  "040",
eprint   =  "physics/0703039",
archivePrefix    =  "arXiv",
SLACcitation   =  "%%CITATION = PHYSICS/0703039;%%"} 


@article{LHS,
  title={A comparison of three methods for selecting values of input variables in the analysis of output from a computer code},
  author={McKay, MD and Beckman, RJ and Conover, WJ},
  journal={Technometrics},
  volume={42},
  number={1},
  pages={55--61},
  year={2000},
  publisher={Taylor \& Francis Group}
}


@comment{jabref-meta: selector_publisher:}

@comment{jabref-meta: psDirectory:./;}

@comment{jabref-meta: fileDirectory:./;}

@comment{jabref-meta: selector_author:}

@comment{jabref-meta: selector_journal:Phys.Rev.lett.;}

@comment{jabref-meta: selector_keywords:}

@comment{jabref-meta: pdfDirectory:./;}

