% This file was created with JabRef 2.4.2.
% Encoding: UTF8

@ARTICLE{MLP_MOX,
  author = {B. Leniau and B. Mouginot et al},
  title = {Burnup and mean cross section prediction in PWR-MOX using neural network. Application to the dynamic fuel cycle simulation tool CLASS},
  journal = {Annals of nuclear energy},
  year = {submitted in 2014},
}

@INPROCEEDINGS{PhysorBAM,
author = {B. Mouginot and B. Leniau and  et al.},
title = {CORE LIBRARY FOR ADVANCED SCENARIO SIMULATION, C.L.A.S.S.
: PRINCIPLE \& APPLICATION},
booktitle = {PHYSOR 2014 - The Role of Reactor Physics toward a Sustainable Future},
address = {The Westin Miyako, Kyoto, Japan},
year={September 28 - October 3, 2014}
}

@article{LHS,
  title={A comparison of three methods for selecting values of input variables in the analysis of output from a computer code},
  author={McKay, MD and Beckman, RJ and Conover, WJ},
  journal={Technometrics},
  volume={42},
  number={1},
  pages={55--61},
  year={2000},
  publisher={Taylor \& Francis Group}
}

@BOOK{Bohr.NucStruc.1975,
  title = {Nuclear Structure},
  publisher = {W.A. Benjamin, Inc},
  year = {1975},
  author = {Bohr, A. and Mottelson, B.},
  volume = {2},
  owner = {mouginot},
  timestamp = {2010.08.19}
}

@MISC{gosia.web,
  author = {T. Czosnyka},
  title = {GOSIA2},
  howpublished = {"\url {http://www.slcj.uw.edu.pl/index.php?id=81}"},
  owner = {mouginot},
  timestamp = {2010.09.29}
}

@TECHREPORT{Pumplin.2009,
  author = {Pumplin, Jon},
  title = {Parametrization dependence and Delta Chi-squared in parton distribution
	fitting},
  year = {2009},
  number = {arXiv:0909.5176. MSUHEP-090929},
  month = {Sep},
  note = {Comments: 6 pages, 1 figure}
}



@PHDTHESIS{Wandevalle.phd.2006,
  author = {Van de Walle, J.},
  title = {Coulomb excitation of neutron rich Zn isotopes},
  year = {2006},
  owner = {mouginot},
  timestamp = {2010.12.03}
}

@comment{jabref-meta: selector_publisher:}

@comment{jabref-meta: psDirectory:./;}

@comment{jabref-meta: fileDirectory:./;}

@comment{jabref-meta: selector_author:}

@comment{jabref-meta: selector_journal:Phys.Rev.lett.;}

@comment{jabref-meta: selector_keywords:}

@comment{jabref-meta: pdfDirectory:./;}

